@book{KCGZ18,
	author	= {R. J. Kee and M. E. Coltrin and P. Glarborg and H. Zhu},
	title 	  	= {Chemically Reacting Flow},
	year 	  	= {2018},
	publisher 	= {John Wiley \& Sons, Inc}
}

@book{KN12,
	author 	= {S. Klein and G. Nellis},
	title 		= {Thermodynamics},
	year 		= {2012},
	publisher 	= {Cambridge University Press}
}

@book{B17,
	author 	= {Bergman},
	title 		= {Fundamentals of Heat and Mass Transfer},
	year 		= {2017},
	publisher 	= {Wiley}
}

@Article{DFN93,
    Author       = {M. Doyle and T. F. Fuller and J. Newman},
    Journal      = {J. Electrochem. Soc.},
    Volume 	= {140},
    Pages        = {1526-1533},
    Title           = {Modeling of Galvanostatic Charge and Discharge of the Lithium/Polymer/Insertion Cell},
    Year          = {1993}
}

@Article{FDN94,
    Author	= {T. F. Fuller and M. Doyle and J. Newman},
    Journal	= {J. Electrochem. Soc.},
    Volume	= {141},
    Pages	= {1-10},
    Title	= {Simulation and Optimization of the Dual Lithium Ion Insertion Cell},
    Year	= {1995}
}

@Article{MFLNKEB20,
    Author	= {N. Mozhzhukhina and E. Flores and R. Lundstr\"{o}m and V. Nystr\"{o}m, P. G. Kitz and K. Edstr\"{o}m and E. J. Berg},
    Journal	= {J. Phys. Chem. Lett.},
    Volume	= {11},
    Pages	= {4119-4123},
    Title	= {Direct Operando Observation of Double Layer Charging and Early Solid Electrolyte Interphase Formation in Li-Ion Battery Electrolytes},
    Year	= {2020}
}

@Article{ZSYZWRCXBDBWXXWZ20,
    Author	= {Y. Zhou and M. Su and X. Yu and Y. Zhang and J. Wang and X. Ren and R. Cao and W. Xu and D. R. Baer and Y. Du and O. Borodin and Y. Wang and  X. Wang and K. Xu and Z. Xu and C. Wang, Z. Zhu},
    Journal	= {Nature Nanotechnology},
    Volume	= {15},
    Pages	= {224-230},
    Title	= {Real-time mass spectrometric characterization of the solidâ€“electrolyte interphase of a lithium-ion battery},
    Year	= {2020}
}